@ARTICLE{vakbib1,
  author = {Фамилия, И. О. and Фамилия2, И. О. and Фамилия3, И. О.},
  addendum = {(0,28~п.~л.)},
  title = {Название статьи},
  journal = {Журнал},
  year = {2013},
  volume = {1},
  number = {5},
  pages = {100--120},
  language = {russian},
}

@ARTICLE{vakbib2,
  author = {Фамилия, И. О. and Фамилия2, И. О. and Фамилия3, И. О. and Фамилия4, И. О.},
  addendum = {(0,33~п.~л.~/ 0,28~п.~л.)},
  title = {Название статьи},
  journal = {Журнал},
  year = {2014},
  volume = {1},
  number = {5},
  pages = {100--120},
  language = {russian},
}


@ARTICLE{vakbib_soft_wcorpus,
  author = {Крижановский, А. А. and Крижановская, Н. Б.},
% addendum = {(0,33~п.~л.~/ 0,28~п.~л.)},
  title = {Свидетельство о гос. регистрации программы для ЭВМ <<Программа WCorpus для поиска и анализа данных в корпусе текстов, построенном на основе текстов с вики-разметкой>> Федеральной службы по интеллектуальной собственности № 2018662779 от 15 октября 2018 г.},
%  journal = {Журнал},
  year = {2018},
%  volume = {1},
%  number = {5},
%  pages = {100--120},
  language = {russian},
}
% А.А., Крижановская Н.Б. Свидетельство о гос. регистрации программы для ЭВМ "Программа WCorpus для поиска и анализа данных в корпусе текстов, построенном на основе текстов с вики-разметкой" Федеральной службы по интеллектуальной собственности № 2018662779 от 15 октября 2018 г.
