
@inproceedings{Krizhanovsky2019Architecture,
  author={Крижановский, А. А. and Крижановская, Н. Б. and Родионова, А. П.},
  title={Архитектура корпусного менеджера и разметка текстов корпуса ВепКар},
  year={2019},
  booktitle={Электронная письменность народов Российской Федерации: опыт, проблемы и перспективы. Материалы межд. науч. конференции (Уфа, 27-29 ноября 2019 г.)},
  pages={19--23},
  url={http://resources.krc.karelia.ru/math/doc/publ/vepkar_ufa_2019_preprint.pdf}
}

@inproceedings{McCarthy2020Unimorph,
    title = "{U}ni{M}orph 3.0: {U}niversal {M}orphology",
    author = "McCarthy, Arya D.  and
      Kirov, Christo  and
      Grella, Matteo  and
      Nidhi, Amrit  and
      Xia, Patrick  and
      Gorman, Kyle  and
      Vylomova, Ekaterina  and
      Mielke, Sabrina J.  and
      Nicolai, Garrett  and
      Silfverberg, Miikka  and
      Arkhangelskiy, Timofey  and
      Krizhanovsky, Nataly  and
      Krizhanovsky, Andrew  and
      Klyachko, Elena  and
      Sorokin, Alexey  and
      Mansfield, John  and
      Ern{\v{s}}treits, Valts  and
      Pinter, Yuval  and
      Jacobs, Cassandra L.  and
      Cotterell, Ryan  and
      Hulden, Mans  and
      Yarowsky, David",
    booktitle = "Proceedings of The 12th Language Resources and Evaluation Conference",
    month = may,
    year = "2020",
    address = "Marseille, France",
    publisher = "European Language Resources Association",
    url = "https://www.aclweb.org/anthology/2020.lrec-1.483",
    pages = "3922--3931",
    abstract = "The Universal Morphology (UniMorph) project is a collaborative effort providing broad-coverage instantiated normalized morphological paradigms for hundreds of diverse world languages. The project comprises two major thrusts: a language-independent feature schema for rich morphological annotation and a type-level resource of annotated data in diverse languages realizing that schema. We have implemented several improvements to the extraction pipeline which creates most of our data, so that it is both more complete and more correct. We have added 66 new languages, as well as new parts of speech for 12 languages. We have also amended the schema in several ways. Finally, we present three new community tools: two to validate data for resource creators, and one to make morphological data available from the command line. UniMorph is based at the Center for Language and Speech Processing (CLSP) at Johns Hopkins University in Baltimore, Maryland. This paper details advances made to the schema, tooling, and dissemination of project resources since the UniMorph 2.0 release described at LREC 2018.",
    language = {english},
    ISBN = "979-10-95546-34-4",
    authorscopus = {true}
}


@inproceedings{confbib1,
  author = {Фамилия, И. О.},
  title = {название тезисов конференции},
  booktitle = {Название сборника},
  year = {2015},
  language = {russian},
  authorconf = {true},
}

@CONFERENCE{confbib2,
  author = {Фамилия, И. О.},
  title = {название тезисов конференции},
  booktitle = {Название сборника},
  year = {2015},
  language = {russian},
  authorconf = {true},
}

@ARTICLE{bib1,
  author = {Фамилия, И. О.},
  title = {Название статьи},
  journal = {Журнал},
  year = {2012},
  volume = {1},
  pages = {100},
  language = {russian},
  authorother = {true},
  authorconf = {true},
}

@CONFERENCE{bib2,
  author = {Фамилия, И. О.},
  title = {название тезисов конференции},
  booktitle = {Название сборника},
  year = {2012},
  language = {russian},
  authorconf = {true},
}

@ARTICLE{scbib1,
  author = {Фамилия, И. О. and Фамилия2, И. О. and Фамилия3, И. О.},
  title = {Название статьи},
  journal = {Журнал},
  year = {2018},
  volume = {2},
  number = {1},
  pages = {99--102},
  language = {russian},
  authorscopus = {true},
  authorwos = {true},
  addendum = {(Scopus, WoS)},
}

@ARTICLE{vakbib1,
  author = {Фамилия, И. О. and Фамилия2, И. О. and Фамилия3, И. О.},
  addendum = {(0,28~п.~л.; ВАК, WoS)},
  title = {Название статьи},
  journal = {Журнал},
  year = {2013},
  volume = {1},
  number = {5},
  pages = {100--120},
  language = {russian},
  authorvak = {true},
  authorwos = {true},
}

@ARTICLE{vakbib2,
  author = {Фамилия, И. О. and Фамилия2, И. О. and Фамилия3, И. О. and Фамилия4, И. О.},
  addendum = {(0,33~п.~л.~/ 0,28~п.~л.; ВАК)},
  title = {Название статьи},
  journal = {Журнал},
  year = {2014},
  volume = {1},
  number = {5},
  pages = {100--120},
  language = {russian},
  authorvak = {true},
}

@ARTICLE{wosbib1,
  author = {Фамилия, И. О. and Фамилия2, И. О. and Фамилия3, И. О.},
  addendum = {(0,21~п.~л., WoS)},
  title = {Название статьи},
  journal = {Журнал},
  year = {2011},
  volume = {1},
  number = {8},
  pages = {105--120},
  language = {russian},
  authorwos = {true},
}
