@ARTICLE{bib1,
  author = {Фамилия, И. О.},
  title = {Название статьи},
  journal = {Журнал},
  year = {2012},
  volume = {1},
  pages = {100},
  language = {russian},
}

@CONFERENCE{bib2,
  author = {Фамилия, И. О.},
  title = {название тезисов конференции},
  booktitle = {Название сборника},
  year = {2012},
  language = {russian},
}

@inproceedings{Krizhanovsky2019Architecture,
  author={Крижановский, А. А. and Крижановская, Н. Б. and Родионова, А. П.},
  title={Архитектура корпусного менеджера и разметка текстов корпуса ВепКар},
  year={2019},
  booktitle={Электронная письменность народов Российской Федерации: опыт, проблемы и перспективы. Материалы межд. науч. конференции (Уфа, 27-29 ноября 2019 г.)},
  pages={19--23},
  url={http://resources.krc.karelia.ru/math/doc/publ/vepkar_ufa_2019_preprint.pdf}
}

