% ГОСТ Р 7.0.11-2011, Приложение Б, Статьи

%%%%%%%%%%%%%%%%%%%%%%%%%%%%%%%
%% Foreign articles

@incollection{Ackerman08PartsAndWholes,
    author = {Farrell Ackerman and James P. Blevins and Robert Malouf},
    booktitle = {Analogy in Grammar: Form and Acquisition},
    editor = {James P. Blevins and Juliette Blevins},
    publisher = {Oxford University Press},
    title = {Parts and wholes: Implicative Patterns in Inflectional Paradigms},
    year = {2008},
    pages={54--82}
}

@inproceedings{Anastasopoulos2019Pushing_Limits_Low-Resource_MI,
    title = "Pushing the Limits of Low-Resource Morphological Inflection",
    author = "Anastasopoulos, Antonios  and
      Neubig, Graham",
    booktitle = "Proceedings of the 2019 Conference on Empirical Methods in Natural Language Processing and the 9th International Joint Conference on Natural Language Processing (EMNLP-IJCNLP)",
    month = 11,
    year = "2019",
    address = "Hong Kong, China",
    publisher = "Association for Computational Linguistics",
    url = "https://www.aclweb.org/anthology/D19-1091",
    doi = "10.18653/v1/D19-1091",
    pages = "984--996",
    abstract = "Recent years have seen exceptional strides in the task of automatic morphological inflection generation. However, for a long tail of languages the necessary resources are hard to come by, and state-of-the-art neural methods that work well under higher resource settings perform poorly in the face of a paucity of data. In response, we propose a battery of improvements that greatly improve performance under such low-resource conditions. First, we present a novel two-step attention architecture for the inflection decoder. In addition, we investigate the effects of cross-lingual transfer from single and multiple languages, as well as monolingual data hallucination. The macro-averaged accuracy of our models outperforms the state-of-the-art by 15 percentage points. Also, we identify the crucial factors for success with cross-lingual transfer for morphological inflection: typological similarity and a common representation across languages.",
}

@inproceedings{Beemer-2020-Linguist-vs-Machine,
    title = "Linguist vs. Machine: Rapid Development of Finite-State Morphological Grammars",
    author = "Beemer, Sarah  and
      Boston, Zak  and
      Bukoski, April  and
      Chen, Daniel  and
      Dickens, Princess  and
      Gerlach, Andrew  and
      Hopkins, Torin  and
      Anand Jawale, Parth  and
      Koski, Chris  and
      Malhotra, Akanksha  and
      Mishra, Piyush  and
      Muradoglu, Saliha  and
      Sang, Lan  and
      Short, Tyler  and
      Shreevastava, Sagarika  and
      Spaulding, Elizabeth  and
      Umada, Testumichi  and
      Xiang, Beilei  and
      Yang, Changbing  and
      Hulden, Mans",
    booktitle = "Proceedings of the 17th SIGMORPHON Workshop on Computational Research in Phonetics, Phonology, and Morphology",
    month = 7,
    year = "2020",
    address = "Online",
    publisher = "Association for Computational Linguistics",
    url = "https://www.aclweb.org/anthology/2020.sigmorphon-1.18",
    doi = "10.18653/v1/2020.sigmorphon-1.18",
    pages = "162--170",
    abstract = "Sequence-to-sequence models have proven to be highly successful in learning morphological inflection from examples as the series of SIGMORPHON/CoNLL shared tasks have shown. It is usually assumed, however, that a linguist working with inflectional examples could in principle develop a gold standard-level morphological analyzer and generator that would surpass a trained neural network model in accuracy of predictions, but that it may require significant amounts of human labor. In this paper, we discuss an experiment where a group of people with some linguistic training develop 25+ grammars as part of the shared task and weigh the cost/benefit ratio of developing grammars by hand. We also present tools that can help linguists triage difficult complex morphophonological phenomena within a language and hypothesize inflectional class membership. We conclude that a significant development effort by trained linguists to analyze and model morphophonological patterns are required in order to surpass the accuracy of neural models.",
}

@inproceedings{Belinkov2017NeuralLearnMorphology,
    title = "What do Neural Machine Translation Models Learn about Morphology?",
    author = "Belinkov, Yonatan  and
      Durrani, Nadir  and
      Dalvi, Fahim  and
      Sajjad, Hassan  and
      Glass, James",
    booktitle = "Proceedings of the 55th Annual Meeting of the Association for Computational Linguistics (Volume 1: Long Papers)",
    month = jul,
    year = "2017",
    address = "Vancouver, Canada",
    publisher = "Association for Computational Linguistics",
    url = "https://www.aclweb.org/anthology/P17-1080",
    doi = "10.18653/v1/P17-1080",
    pages = "861--872",
    abstract = "Neural machine translation (MT) models obtain state-of-the-art performance while maintaining a simple, end-to-end architecture. However, little is known about what these models learn about source and target languages during the training process. In this work, we analyze the representations learned by neural MT models at various levels of granularity and empirically evaluate the quality of the representations for learning morphology through extrinsic part-of-speech and morphological tagging tasks. We conduct a thorough investigation along several parameters: word-based vs. character-based representations, depth of the encoding layer, the identity of the target language, and encoder vs. decoder representations. Our data-driven, quantitative evaluation sheds light on important aspects in the neural MT system and its ability to capture word structure.",
    eprint={1704.03471},
    archivePrefix={arXiv},
    primaryClass={cs.CL}
}

@inproceedings{BergmanisGoldwater2018Lematus,
    title = "Context Sensitive Neural Lemmatization with {L}ematus",
    author = "Bergmanis, Toms  and
      Goldwater, Sharon",
    booktitle = "Proceedings of the 2018 Conference of the North {A}merican Chapter of the Association for Computational Linguistics: Human Language Technologies, Volume 1 (Long Papers)",
    month = jun,
    year = "2018",
    address = "New Orleans, Louisiana",
    publisher = "Association for Computational Linguistics",
    url = "https://www.aclweb.org/anthology/N18-1126",
    doi = "10.18653/v1/N18-1126",
    pages = "1391--1400",
    abstract = "The main motivation for developing contextsensitive lemmatizers is to improve performance on unseen and ambiguous words. Yet previous systems have not carefully evaluated whether the use of context actually helps in these cases. We introduce Lematus, a lemmatizer based on a standard encoder-decoder architecture, which incorporates character-level sentence context. We evaluate its lemmatization accuracy across 20 languages in both a full data setting and a lower-resource setting with 10k training examples in each language. In both settings, we show that including context significantly improves results against a context-free version of the model. Context helps more for ambiguous words than for unseen words, though the latter has a greater effect on overall performance differences between languages. We also compare to three previous context-sensitive lemmatization systems, which all use pre-extracted edit trees as well as hand-selected features and/or additional sources of information such as tagged training data. Without using any of these, our context-sensitive model outperforms the best competitor system (Lemming) in the fulldata setting, and performs on par in the lowerresource setting.",
}


@article{Biber1993representativeness,
  title={Representativeness in corpus design},
  author={Biber, Douglas},
  journal={Literary and linguistic computing},
  volume={8},
  number={4},
  pages={243--257},
  year={1993},
  publisher={Oxford University Press},
  url={http://staff.um.edu.mt/albert.gatt/teaching/dl/biber93.pdf}
}

@InProceedings{Cruz-Anastasopoulos-Stump2020Chatino,
  author    = {Cruz, Hilaria  and  Anastasopoulos, Antonios  and  Stump, Gregory},
  title     = {A Resource for Studying Chatino Verbal Morphology},
  booktitle = {Proceedings of The 12th Language Resources and Evaluation Conference},
  month     = {5},
  year      = {2020},
  address   = {Marseille, France},
  publisher = {European Language Resources Association},
  pages     = {2827--2831},
  abstract  = {We present the first resource focusing on the verbal inflectional morphology of San Juan Quiahije Chatino, a tonal mesoamerican language spoken in Mexico. We provide a collection of complete inflection tables of 198 lemmata, with morphological tags based on the UniMorph schema. We also provide baseline results on three core NLP tasks: morphological analysis, lemmatization, and morphological inflection.},
  url       = {https://www.aclweb.org/anthology/2020.lrec-1.344}
}

@inproceedings{Fam2018tools,
  title={Tools for The Production of Analogical Grids and a Resource of N-gram Analogical Grids in 11 Languages.},
  author={Fam, Rashel and Lepage, Yves},
  booktitle={LREC},
  year={2018},
  language = {english},
  url={http://lepage-lab.ips.waseda.ac.jp/media/filer_public/69/fb/69fbd4dd-f0cb-471b-91a9-def4abdb50b3/2fam_rashel_lrec_2018.pdf}
}

@article{King2020seq2seqRussianMA,
  title={Interpreting sequence-to-sequence models for Russian inflectional morphology},
  author={King, David L and Sims, Andrea D and Elsner, Micha},
  journal={Proceedings of the Society for Computation in Linguistics},
  volume={3},
  number={1},
  pages={402--411},
  year={2020},
  url={https://scholarworks.umass.edu/scil/vol3/iss1/39/}
}

%@book{Lothaire2005applied,
%  title={Applied combinatorics on words},
%  author={Lothaire, M},
%  volume={105},
%  year={2005},
%  publisher={Cambridge University Press},
%  url={https://cs.nyu.edu/~mohri/postscript/appcowC4.pdf}
%}

@inproceedings{morphoAPI2dict2004Maxwell,
  title={Morphological interfaces to dictionaries},
  author={Maxwell, Michael and Poser, William},
  booktitle={Proceedings of the Workshop on Enhancing and Using Electronic Dictionaries},
  pages={65--68},
  year={2004},
  url={https://www.aclweb.org/anthology/W04-2113.pdf}
}

@incollection{MohriChapter4Lothaire2005applied,
  author    = {Mohri, M},
  title     = {Statistical Natural Language Processing},
  editor    = {Lothaire, M},
  booktitle = {Applied combinatorics on words},
  publisher = {Cambridge University Press},
  year      = {2005},
  volume    = {105},
  chapter   = {4},
  url       = {https://cs.nyu.edu/~mohri/postscript/appcowC4.pdf}
}

@article{Petroni2019,
  title={Language Models as Knowledge Bases?},
  author={Petroni, Fabio and Rockt{\"a}schel, Tim and Lewis, Patrick and Bakhtin, Anton and Wu, Yuxiang and Miller, Alexander H and Riedel, Sebastian},
  journal={arXiv preprint arXiv:1909.01066},
  year={2019},
  url={https://arxiv.org/pdf/1909.01066.pdf}
}

@inproceedings{Prasad2018,
  author={Manasa Prasad and Theresa Breiner and Daan {van Esch}},
  title={{Mining Training Data for Language Modeling Across the World's Languages}},
  year=2018,
  booktitle={Proc. The 6th Intl. Workshop on Spoken Language Technologies for Under-Resourced Languages},
  pages={61--65},
  doi={10.21437/SLTU.2018-13},
  language = {english},
  url={https://www.isca-speech.org/archive/SLTU_2018/pdfs/Manasa.pdf}
}
%  url={http://dx.doi.org/10.21437/SLTU.2018-13}

@article{silfverberg2016finnpos,
  title={FinnPos: an open-source morphological tagging and lemmatization toolkit for Finnish},
  author={Silfverberg, Miikka and Ruokolainen, Teemu and Lind{\'e}n, Krister and Kurimo, Mikko},
  journal={Language Resources and Evaluation},
  volume={50},
  number={4},
  pages={863--878},
  year={2016},
  publisher={Springer},
  language = {english},
  url={https://helda.helsinki.fi/bitstream/handle/10138/174295/silfverberg2016finnpos.pdf}
}

%Hutchins J. Retrospect and prospect in computer-based translation //Machine Translation Summit VII, 13th-17th September. – 1999. – С. 30-34.
@article{Hutchins1999,
  author={Hutchins, John},
  title={Retrospect and prospect in computer-based translation},
  year=1999,
  booktitle={Machine Translation Summit VII, 13th-17th September},
  pages={30--34},
  language = {english},
  url={https://www.translationdirectory.com/pdf/mts-99.pdf}
}


%%%%%%%%%%%%%%%%%%%%%%%%%%%%%%%
%% Russian articles

@article{Apresjan1981,
  title={Трудности построения формальной модели языка},
  author={Апресян, Ю. Д.},
  journal={Кибернетика: Перспективы развития.--М.: Наука},
  pages={109--113},
  year={1981}
}

@inproceedings{Belikov2013,
  title     = {Корпус как язык: от масштабируемости к дифференциальной полноте},
  author    = {Беликов, В. И. and Копылов, Н. Ю. and Пиперски, А. Ч. and Селегей, В. П. and Шаров, С. А.},
  booktitle = {Компьютерная лингвистика и интеллектуальные технологии},
  url       = {http://www.dialog-21.ru/media/1308/dialog_2013_vol1web.pdf#page=94},
  volume    = {1},
  pages     = {83--95},
  year      = {2013},
  language  = {russian}
}

@inproceedings{Plungyan2004Sichinava,
  title={Национальный корпус русского языка: опыт создания корпуса текстов современного русского языка},
  author={Плунгян, В. А. and Сичинава, Д. В.},
  booktitle={Труды международной конференции <<Корпусная лингвистика-2004>>},
  month = 10,
  address = {СПб.},
  pages={216--238},
  language = {russian},
  year={2004},
  publisher={Издательство Санкт-Петербургского университета},
  url={https://events.spbu.ru/eventsContent/files/corpling/corpora2004/Sitchinava_art.pdf}
}


%% . (2016). Автоматическая морфоразметка корпусов русскоязычных социальных медиа: обучение и оценка качества. In Компьютерная лингвистика и интеллектуальные технологии (pp. 589-604).
@inproceedings{Selegey2016,
  author={Селегей, Д. and Шаврина, Т. and Селегей, В. П. and Шаров, С. А.},
  title={Автоматическая морфоразметка корпусов русскоязычных социальных медиа: обучение и оценка качества},
  year={2016},
  booktitle={Компьютерная лингвистика и интеллектуальные технологии},
  pages={589--604},
  url={http://www.dialog-21.ru/media/3485/selegeydetal.pdf}
}

@inproceedings{Zemicheva2019,
  author={Земичева, С. С.},
  title={{Новые темы диалектного дискурса (на материале Томского диалектного корпуса)}},
  year={2019},
  booktitle={Труды международной конференции <<Корпусная лингвистика-2019>>},
  month = 6,
  address = {СПб.},
  pages={280--287},
  language = {russian},
  publisher={Издательство Санкт-Петербургского университета},
  url={https://events.spbu.ru/eventsContent/events/2019/corpora/corp_sborn.pdf#page=280}
}

@inproceedings{Sharov2004,
  title={Типология текстов для представительного корпуса},
  author={Шаров, С. А. and Савчук, С. О.},
  booktitle={Труды международной конференции <<Корпусная лингвистика--2004>>},
  month = 10,
  address = {СПб.},
  pages={352--362},
  publisher={Издательство Санкт-Петербургского университета},
  year={2004},
  language = {russian},
  publisher={СПбГУ},
  url={https://events.spbu.ru/eventsContent/files/corpling/corpora2004/Sharov_art.pdf}
}


%%%%%%%%%%%%%%%%%%%%%%%%%%%%%%%%%%%%%%%%%
% ГОСТ Р 7.0.11-2011, Приложение Б, Книги

@BOOK{Wirth1985Algorithms+,
  title={Алгоритмы + структуры данных = программы},
  author={Вирт, Н.},
  address = {М.},
  publisher={Мир},
  year={1985},
  numpages = {406},
  language = {russian}
}

@BOOK{Wirth1989AlgorithmsAndDataStructure,
  title={Алгоритмы и структуры данных},
  author={Вирт, Н.},
  address = {М.},
  publisher={Мир},
  year={1989},
  numpages = {360},
  language = {russian}
}

@BOOK{SOSD2007,
  author={Баранцев, А. П. and Зайков, П. М. and Зайцева, М. И. and Зайцева, Н. Г. and Маркианова, Л. Ф. and Рягоев, В. Д. and Федотова, В. П.},
  editor={Елисеев, Юрий Сергеевич and Зайцева, Нина Григорьевна},
  title={Сопоставительно-ономасиологический словарь диалектов карельского, вепсского, саамского языков},
  address = {Петрозаводск},
  publisher={КарНЦ РАН},
  year={2007},
  numpages = {348},
  language = {russian}
} 
%%Сопоставительно-ономасиологический словарь диалектов карельского, вепсского, саамского языков / Под общей редакцией Ю.С. Елисеева и Н.Г. Зайцевой. - Петрозаводск: КарНЦ РАН, 2007. - 348 с. 

%Зайков, П. М. Глагол в карельском языке: грамматические категории лица-числа, времени и наклонения / П. М. Зайков ; Институт языка, литературы и истории Карельского научного центра РАН, Петрозаводский государственный университет. - Петрозаводск : Издательство ПетрГУ, 2000. - 291 с. 
@BOOK{Zaikov2000KarGram,
  editor={Зайков, П. М.},
  title={Глагол в карельском языке: грамматические категории лица-числа, времени и наклонения},
  address = {Петрозаводск},
  publisher={Издательство ПетрГУ},
  year={2000},
  numpages = {291},
  language = {russian}
} 

% Зайцева, М.И. Грамматика вепсского языка (фонетика и морфология) / Институт языка, литературы и истории Карельского филиала АН СССР ; отв. ред. Ю. С. Елисеев. - Ленинград : Наука, 1981. - 360 с.
@BOOK{ZaitsevaMI1981,
  editor={Зайцева, Мария Ивановна},
  title={Грамматика вепсского языка (фонетика и морфология)},
  address = {Ленинград},
  publisher={Наука},
  year={1981},
  numpages = {360},
  language = {russian}
} 

% Зайцева, Н. Г. Именное словоизменение в вепсском языке (история и функционирование форм слова) / Н. Г. Зайцева ; Институт языка, литературы и истории КФ АН СССР ; отв.ред. Г. М. Керт. - Петрозаводск : Карелия, 1981. - 217 с.
@BOOK{ZaitsevaNG1981VepsName,
  editor={Зайцева, Нина Григорьевна},
  title={Именное словоизменение в вепсском языке (история и функционирование форм слова)},
  address = {Петрозаводск},
  publisher={Карелия},
  year={1981},
  numpages = {217},
  language = {russian}
} 

%Зайцева, Н.Г. Вепсский глагол. Сравнительно-сопоставительное исследование / Н. Г. Зайцева ; Институт языка, литературы и истории Карельского научного центра РАН. - Петрозаводск : Периодика, 2002. - 286 с. 
@BOOK{ZaitsevaNG2002VepsVerb,
  editor={Зайцева, Нина Григорьевна},
  title={Вепсский глагол. Сравнительно-сопоставительное исследование},
  address = {Петрозаводск},
  publisher={Периодика},
  year={2002},
  numpages = {286},
  language = {russian}
} 

%Зайцева, Н. Г. Орфографический словарь вепсского языка / Н. Г. Зайцева, Е. Е. Харитонова, О. Ю. Жукова ; [науч. ред. С. А. Мызников] ; Российская академия наук, Карельский научный центр, Институт языка, литературы и истории. - Петрозаводск : Периодика, 2012. - 428 с.
@BOOK{ZaitsevaNG2012OrphDict,
  editor={Зайцева, Нина Григорьевна and Харитонова, Е. Е. and Жукова, О. Ю.},
  title={Орфографический словарь вепсского языка},
  address = {Петрозаводск},
  publisher={Периодика},
  year={1981},
  numpages = {286},
  language = {russian}
} 

@BOOK{Zakharov2005,
  author={Захаров, Виктор Павлович},
  title={Корпусная лингвистика: Учебно-метод. пособие},
  address = {СПб.},
  publisher={СПбГУ},
  year={2005},
  numpages = {48},
  language = {russian},
  url={http://bit.ly/38fbzvH}
}
%%%  https://www.academia.edu/7225834/Корпусная_лингвистика
%%%  url={https://www.academia.edu/7225834/%D0%9A%D0%BE%D1%80%D0%BF%D1%83%D1%81%D0%BD%D0%B0%D1%8F_%D0%BB%D0%B8%D0%BD%D0%B3%D0%B2%D0%B8%D1%81%D1%82%D0%B8%D0%BA%D0%B0}

@BOOK{Kibrik2019,
  author={Кибрик, А. Е. and Федорова, О. В. and Татевосов, С. Г. and Лютикова, Е. А. and Кибрик, А. А. and Кобозева, И. М. and Фаликман, М. В. and Ченки, А. and Секерина, И. and Николаева, Ю. В. and Даниэль, М. А. and Бергельсон, М. Б. and Алпатов, В. М. and Беляев, О. И. and Толдова, С. Ю. and Бонч-Осмоловская, А. А. and Подлесская, В. И. and Кривнова, О. Ф.},
  editor={Федорова, О. В. and Татевосов, С. Г.},
  title={Введение в науку о языке},
  address = {М.},
  publisher={Буки Веди},
  year={2019},
  numpages = {672},
  language = {russian},
  isbn     = {978-5-4465-2188-3},
  url={http://tipl.philol.msu.ru/application/files/9215/8507/9636/AEK_et_al_corrected_2020.pdf}
} 
% Введение в науку о языке / А. Е. Кибрик и др.; под ред. О. В. Федоровой и С. Г. Татевосова – М.: Буки Веди, 2019. – 672 с. – ISBN 978-5-4465-2188-3

@BOOK{MitreninaNikolaevLando2016,
  editor={Митренина, Ольга Владимировна and Николаев, Илья Сергеевич and Ландо, Татьяна Михайловна},
  title={Прикладная и компьютерная лингвистика},
  address = {М.},
  publisher={ЛЕНАНД},
  year={2016},
  numpages = {320},
  language = {russian}
} 
@BOOK{NovakPenttonenRuuskanenSiilin2019,
  editor={Новак, Ирина and Пенттонен, Мартти and Руусканен, Алекси and Сиилин, Леа},
  title={Карельский язык в грамматиках. Сравнительное исследование фонетической и морфологической систем},
  address = {Петрозаводск},
  publisher={КарНЦ РАН},
  year={2019},
  numpages = {479},
  language = {russian}
} 
