@Patent{patbib1,
  heading =      {Заявка 1234567 Рос. федерация, МПК\ensuremath{^7} B 64 G 1/00},
  author =       {Иванов, И. И.},
  authortype =   {Российская Федерация},
  title =        {Многоразовая ракета-носитель},
  media =        {text},
  holder =       {заявитель Технологические технологии},
  credits =      {патент. поверенный Егорова Г. Б.},
  reqnumber =    {2000108705/28},
  date =         {2020-01-03},
  publdate =     {2020-01-02},
  publication =  {Бюл. № 7 (I ч.)\midsentence},
  prdate =       {2020-01-01},
  prnumber =     {09/289, 037},
  prcountry =    {countryru},
  pagetotal =    {5 с.~: ил.},
  language =     {russian},
  authorpatent = {yes},
}

% А.А., Крижановская Н.Б. Свидетельство о гос. регистрации программы для ЭВМ "Программа WCorpus для поиска и анализа данных в корпусе текстов, построенном на основе текстов с вики-разметкой" Федеральной службы по интеллектуальной собственности № 2018662779 от 15 октября 2018 г.
@Patent{vakbib_soft_wcorpus,
  heading =      {Свидетельство о гос. регистрации программы для {ЭВМ}},
  author =       {Крижановский, А. А. and Крижановская, Н. Б.},
  title =        {Программа WCorpus для поиска и анализа данных в корпусе текстов, построенном на основе текстов с вики-разметкой},
  media =        {text},
  holder =       {ИПМИ КарНЦ РАН},
  reqnumber =    2018662779,
  publdate =     {2018-10-15},
  date =         {2018-10-15},
  prnumber =     2018662779,
  prcountry =    {countryru},
  language =     {russian},
  authorprogram ={yes},
}

% Крижановская Н. Б., Новак И. П. Свидетельство о гос. регистрации программы для ЭВМ "New written Tver Karelian dialects wordform generator" Федеральной службы по интеллектуальной собственности № 2019665163 от 20 ноября 2019 г.
@Patent{vakbib_soft_Tver_generator,
  heading =      {Свидетельство о гос. регистрации программы для {ЭВМ}},
  author =       {Крижановская, Н. Б. and Новак, И. П.},
  title =        {New written Tver Karelian dialects wordform generator},
  media =        {text},
  holder =       {КарНЦ РАН},
  reqnumber =    2019665163,
  publdate =     {2019-11-20},
  date =         {2019-11-20},
  prnumber =     2019665163,
  prcountry =    {countryru},
  language =     {russian},
  authorprogram ={yes},
}









@Patent{progbib1,
  heading =      {Свидетельство о гос. регистрации программы для {ЭВМ}},
  author =       {Петров, П. П.},
  title =        {foobar},
  media =        {text},
  holder =       {НИИ~ГДААДАВБА},
  reqnumber =    1234567890,
  publdate =     {2020-01-02},
  date =         {2020-01-01},
  prnumber =     1234567890,
  prcountry =    {countryru},
  language =     {russian},
  authorprogram ={yes},
}
